@book{dnd-gm-manual,
	address = {Renton, WA},
	title = {Dungeons \& Dragons: Dungeon Master's Guide},
	edition = {5e},
	publisher = {Wizards of the Coast, LLC},
	author = {Crawford, Jeremy and Mearls, Mike},
	year = {2014}
}

@book{dnd-player-manual,
	address = {WA},
	title = {Dungeons \& Dragons: Player's Handbook},
	edition = {5e},
	language = {English},
	publisher = {Wizards of the Coast},
	author = {Mearls, Mike and Crawford, Jeremy},
	year = {2014}
}

@book{wiener-cybernetics,
	title = {Cybernetics: or Control and Communication in the Animal and the Machine},
	publisher = {MIT press},
	author = {Wiener, Norbert},
	year = {2019}
}

@book{aarseth-cybertext,
	title = {Cybertext: Perspectives on ergodic literature},
	publisher = {JHU Press},
	author = {Aarseth, Espen J},
	year = {1997}
}

@book{kripke-naming,
	publisher = {Cambridge, MA, USA: Harvard University Press},
	author = {Saul A. Kripke},
	title = {Naming and Necessity},
	year = {1980}
}

@book{wittgenstein-investigations,
  title={Philosophical investigations},
  author={Wittgenstein, Ludwig},
  year={1986},
  publisher={Oxford, UK: Blackwell}
}

@article{clark-cognition,
  title={The extended mind},
  author={Clark, Andy and Chalmers, David},
  journal={analysis},
  volume={58},
  number={1},
  pages={7--19},
  year={1998},
  publisher={JSTOR}
}

@book{lakoff-metaphors,
  title={Metaphors we live by},
  author={Lakoff, George and Johnson, Mark},
  year={2008},
  publisher={University of Chicago press}
}
@book{sartre-literature,
  title={"What is literature? and other essays},
  author={Sartre, Jean-Paul and others},
  year={1988},
  publisher={Harvard University Press}
}

@article{rosenblatt-literature,
  title={Literature as exploration.},
  author={Rosenblatt, Louise M},
  year={1968},
  publisher={ERIC}
}


@book{bowman-rpg-functions,
  title={The functions of role-playing games: How participants create community, solve problems and explore identity},
  author={Bowman, Sarah Lynne},
  year={2010},
  publisher={McFarland}
}

@article{chafe-meaning,
  title={Meaning and the Structure of Language.},
  author={Chafe, Wallace L},
  year={1970},
  publisher={ERIC}
}

@book{big-questions,
	address = {MA},
	title = {Philosophy of Language: The Big Questions},
	publisher = {Blackwell},
	author = {Nye, Andrea},
	year = {1998}
}

@book{lewis-worlds,
  title={On the plurality of worlds},
  author={Lewis, David K},
  volume={322},
  year={1986},
  publisher={Blackwell Oxford}
}

@book{ochs2009living,
  title={Living narrative: Creating lives in everyday storytelling},
  author={Ochs, Elinor and Capps, Lisa and others},
  year={2009},
  publisher={Harvard University Press}
}

@article{putnam1962analytic,
  title={The analytic and the synthetic},
  author={Putnam, Hilary},
  year={1962},
  publisher={University of Minnesota Press, Minneapolis}
}

@article{ochs1996narrating,
  title={Narrating the self},
  author={Ochs, Elinor and Capps, Lisa},
  journal={Annual review of anthropology},
  volume={25},
  number={1},
  pages={19-43},
  year={1996},
  publisher={Annual Reviews 4139 El Camino Way, PO Box 10139, Palo Alto, CA 94303-0139, USA}
}

@incollection{nye-philosophy,
  author      = "Benveniste, Emile",
  title       = "Problems in General Linguistics",
  editor      = "Nye, Andrea",
  booktitle   = "Philosophy of language: The big questions",
  publisher   = "Blackwell",
  address     = "MA",
  year        = 1998,
  pages       = "46-52",
  chapter     = 7
}
