
@book{wiener_cybernetics_2019,
	title = {Cybernetics or {Control} and {Communication} in the {Animal} and the {Machine}},
	publisher = {MIT press},
	author = {Wiener, Norbert},
	year = {2019},
	file = {Wiener - 2019 - Cybernetics or Control and Communication in the An.pdf:/home/agoramachina/Zotero/storage/DGEQK3CZ/Wiener - 2019 - Cybernetics or Control and Communication in the An.pdf:application/pdf},
}

@book{aarseth_cybertext_1997,
	title = {Cybertext: {Perspectives} on ergodic literature},
	publisher = {JHU Press},
	author = {Aarseth, Espen J},
	year = {1997},
	file = {Aarseth - 1997 - Cybertext Perspectives on ergodic literature.pdf:/home/agoramachina/Zotero/storage/ZIEQMFC5/Aarseth - 1997 - Cybertext Perspectives on ergodic literature.pdf:application/pdf},
}

@incollection{kripke1972naming,
  title={Naming and necessity},
  author={Kripke, Saul A},
  booktitle={Semantics of natural language},
  pages={253--355},
  year={1972},
  publisher={Springer}
}

@book{wittgenstein2010philosophical,
  title={Philosophical investigations},
  author={Wittgenstein, Ludwig},
  year={2010},
  publisher={John Wiley \& Sons}
}

